<?xml version="1.0" encoding="UTF-8"?><collection xmlns="http://www.loc.gov/MARC21/slim"><record><leader>00372nam--2200145-i-4500</leader><controlfield tag="001">000029761</controlfield><controlfield tag="002">20161230</controlfield><controlfield tag="005">20161230201037</controlfield><controlfield tag="008">060222s1000------------r-----000-0-eng-d</controlfield><datafield ind1=" " ind2=" " tag="245"><subfield code="a">Algebraic geometry</subfield></datafield><datafield ind1=" " ind2=" " tag="260"><subfield code="a">Berlin, Springer-verlag, 1978</subfield></datafield><datafield ind1=" " ind2=" " tag="490"><subfield code="a">Lecture Notes In Math. Vol.687</subfield></datafield><datafield ind1=" " ind2=" " tag="700"><subfield code="a">Loren D.Olson</subfield></datafield><datafield ind1=" " ind2=" " tag="852"><subfield code="a">46903</subfield><subfield code="c">512</subfield></datafield><datafield ind1=" " ind2=" " tag="CAT"><subfield code="a">Sys</subfield><subfield code="c">20080514</subfield><subfield code="h">121354</subfield></datafield></record></collection>